[gd_scene load_steps=8 format=2]

[ext_resource path="res://Assets/Theme.tres" type="Theme" id=1]
[ext_resource path="res://Scripts/UI/ScrollContainer.cs" type="Script" id=2]

[sub_resource type="StyleBoxFlat" id=5]
bg_color = Color( 0.0745098, 0.0745098, 0.0745098, 1 )

[sub_resource type="DynamicFontData" id=1]
font_path = "res://Assets/Fonts/Lora-Regular.ttf"

[sub_resource type="DynamicFont" id=2]
size = 72
use_mipmaps = true
use_filter = true
font_data = SubResource( 1 )

[sub_resource type="DynamicFont" id=3]
size = 24
outline_color = Color( 0.34902, 0.678431, 0.462745, 1 )
use_mipmaps = true
use_filter = true
font_data = SubResource( 1 )

[sub_resource type="DynamicFont" id=4]
size = 32
outline_color = Color( 0.34902, 0.678431, 0.462745, 1 )
use_mipmaps = true
use_filter = true
font_data = SubResource( 1 )

[node name="Credits" type="Panel"]
anchor_right = 1.0
anchor_bottom = 1.0
custom_styles/panel = SubResource( 5 )
__meta__ = {
"_edit_use_anchors_": false
}

[node name="ScrollContainer" type="ScrollContainer" parent="."]
anchor_right = 1.0
anchor_bottom = 1.0
margin_bottom = 3.0
theme = ExtResource( 1 )
scroll_horizontal_enabled = false
scroll_vertical = 615
scroll_deadzone = 100
script = ExtResource( 2 )
__meta__ = {
"_edit_use_anchors_": false
}
scrollSpeed = 50.0

[node name="Box" type="VBoxContainer" parent="ScrollContainer"]
margin_top = -615.0
margin_right = 1012.0
margin_bottom = 826.0
size_flags_horizontal = 3

[node name="Container 2" type="Container" parent="ScrollContainer/Box"]
margin_right = 1012.0
margin_bottom = 150.0
rect_min_size = Vector2( 0, 150 )

[node name="Title" type="Label" parent="ScrollContainer/Box"]
margin_top = 154.0
margin_right = 1012.0
margin_bottom = 255.0
grow_horizontal = 2
theme = ExtResource( 1 )
custom_fonts/font = SubResource( 2 )
text = "Confined"
align = 1

[node name="Subtitle" type="Label" parent="ScrollContainer/Box"]
margin_top = 259.0
margin_right = 1012.0
margin_bottom = 314.0
text = "A game by SolarLiner and dqaxd
For the GMTK Game Jam 2020"
align = 1
__meta__ = {
"_edit_use_anchors_": false
}

[node name="Heading 1" type="Label" parent="ScrollContainer/Box"]
margin_top = 318.0
margin_right = 1012.0
margin_bottom = 393.0
theme = ExtResource( 1 )
custom_fonts/font = SubResource( 3 )
text = "
Programming"
align = 1

[node name="Label" type="Label" parent="ScrollContainer/Box"]
margin_top = 397.0
margin_right = 1012.0
margin_bottom = 427.0
text = "SolarLiner"
align = 1
__meta__ = {
"_edit_use_anchors_": false
}

[node name="Heading 2" type="Label" parent="ScrollContainer/Box"]
margin_top = 431.0
margin_right = 1012.0
margin_bottom = 506.0
theme = ExtResource( 1 )
custom_fonts/font = SubResource( 3 )
text = "
Artwork"
align = 1

[node name="Label 2" type="Label" parent="ScrollContainer/Box"]
margin_top = 510.0
margin_right = 1012.0
margin_bottom = 540.0
text = "dqaxd"
align = 1
__meta__ = {
"_edit_use_anchors_": false
}

[node name="Heading 3" type="Label" parent="ScrollContainer/Box"]
margin_top = 544.0
margin_right = 1012.0
margin_bottom = 639.0
theme = ExtResource( 1 )
custom_fonts/font = SubResource( 4 )
text = "
Attribution"
align = 1

[node name="Heading 31" type="Label" parent="ScrollContainer/Box"]
margin_top = 643.0
margin_right = 1012.0
margin_bottom = 718.0
theme = ExtResource( 1 )
custom_fonts/font = SubResource( 3 )
text = "
Music"
align = 1

[node name="Label 3" type="Label" parent="ScrollContainer/Box"]
margin_top = 722.0
margin_right = 1012.0
margin_bottom = 827.0
text = "I Think I Can Help You - The Six Realms
pATCHES - Hard To Let Go Of Grammar
pATCHES - Because For Everything There Is Someone
The Whole Other - Beyond The Lows"
align = 1
__meta__ = {
"_edit_use_anchors_": false
}

[node name="Heading 32" type="Label" parent="ScrollContainer/Box"]
margin_top = 831.0
margin_right = 1012.0
margin_bottom = 906.0
theme = ExtResource( 1 )
custom_fonts/font = SubResource( 3 )
text = "
Sound effects"
align = 1

[node name="Label 4" type="Label" parent="ScrollContainer/Box"]
margin_top = 910.0
margin_right = 1012.0
margin_bottom = 1065.0
text = "\"Rain on Windows, Interior, B.wav\" by InspectorJ (www.jshaw.co.uk) of Freesound.org
Soundkampf, \"Nice city atmosphere\"
Risto Alcinov, \"Ventilation, Walla, Elevator, Residential Hallway\"
Excerpt of GMTK's video, \"Are Western and Japanese RPGs so Different? | Design Icons\"
pATCHES - Because For Everything There Is Someone
The Whole Other - Beyond The Lows"
align = 1
__meta__ = {
"_edit_use_anchors_": false
}

[node name="Heading 33" type="Label" parent="ScrollContainer/Box"]
margin_top = 1069.0
margin_right = 1012.0
margin_bottom = 1144.0
theme = ExtResource( 1 )
custom_fonts/font = SubResource( 3 )
text = "
Fonts"
align = 1

[node name="Label 6" type="Label" parent="ScrollContainer/Box"]
margin_top = 1148.0
margin_right = 1012.0
margin_bottom = 1178.0
text = "Cyreal, \"Lora\""
align = 1
__meta__ = {
"_edit_use_anchors_": false
}

[node name="Label 5" type="Label" parent="ScrollContainer/Box"]
margin_top = 1182.0
margin_right = 1012.0
margin_bottom = 1287.0
text = "

A big thank you to GMTK for the Game Jam and it's very inspiring theme \"Out of Control\"
And Also to all contributers of the Godot Game Engine, without which this game wouldn't be possible!"
align = 1

[node name="Container" type="Container" parent="ScrollContainer/Box"]
margin_top = 1291.0
margin_right = 1012.0
margin_bottom = 1441.0
rect_min_size = Vector2( 0, 150 )
